
@article{Fo74-2,
    author = {G. D. Forney},
    title = {{Convolutional codes: II - Maximum likelihood decoding}},
    journal = {Information Control},
    volume = {25},
    month = {July},
    pages = {222-250},
    year = {1974}
}

@misc{Kr03,
author = {Krishnan, E.},
title = {{\LaTeX} Tutorials: A Primer},
note = {Indian TeX Users Group},
howpublished = {http://www.eng.cam.ac.uk/help/tpl/textprocessing/ltxprimer-1.0.pdf},
year = {2003}
}

@book{Ko03,
    author = {H. Kopka},
    title = {Guide to \LaTeX},
    publisher = {Addison-Wesley},
    year = {2003},
	month = {December},
	edition = {4}
}
